@misc{Portugal2020,
  author = "{Portugal 2020}",
  title = "{Portugal 2020 â€“ European Structural and Investment Funds}",
  year = {2020},
  url = {https://www.portugal2020.pt/},
  note = {Accessed: 2025-03-07}
}

